@article{chen2018neural,
  title={Neural ordinary differential equations},
  author={Chen, Ricky TQ and Rubanova, Yulia and Bettencourt, Jesse and Duvenaud, David K},
  journal={Advances in neural information processing systems},
  volume={31},
  year={2018}
}

@article{ruthotto2020deep,
  title={Deep neural networks motivated by partial differential equations},
  author={Ruthotto, Lars and Haber, Eldad},
  journal={Journal of Mathematical Imaging and Vision},
  volume={62},
  number={3},
  pages={352--364},
  year={2020},
  publisher={Springer}
}

@inproceedings{glorot2010understanding,
  title={Understanding the difficulty of training deep feedforward neural networks},
  author={Glorot, Xavier and Bengio, Yoshua},
  booktitle={Proceedings of the thirteenth international conference on artificial intelligence and statistics},
  pages={249--256},
  year={2010},
  organization={JMLR Workshop and Conference Proceedings}
}

@inproceedings{he2016deep,
  title={Deep residual learning for image recognition},
  author={He, Kaiming and Zhang, Xiangyu and Ren, Shaoqing and Sun, Jian},
  booktitle={Proceedings of the IEEE conference on computer vision and pattern recognition},
  pages={770--778},
  year={2016}
}

@article{tieleman2012divide,
  title={Divide the gradient by a running average of its recent magnitude. COURSERA Neural Netw},
  author={Tieleman, Tijmen and Hinton, G},
  journal={Mach. Learn},
  volume={6},
  pages={26--31},
  year={2012}
}

@article{kingma2014adam,
  title={Adam: A method for stochastic optimization},
  author={Kingma, Diederik P and Ba, Jimmy},
  journal={arXiv preprint arXiv:1412.6980},
  year={2014}
}

@article{baydin2018automatic,
  title={Automatic differentiation in machine learning: a survey},
  author={Baydin, Atilim Gunes and Pearlmutter, Barak A and Radul, Alexey Andreyevich and Siskind, Jeffrey Mark},
  journal={Journal of Marchine Learning Research},
  volume={18},
  pages={1--43},
  year={2018},
  publisher={Microtome Publishing}
}

@book{russell2010artificial,
  title={Artificial intelligence a modern approach},
  author={Russell, Stuart J},
  year={2010},
  publisher={Pearson Education, Inc.}
}

@book{rudolph2017differential,
  title={Differential geometry and mathematical physics: Part ii. fibre bundles, topology and gauge fields},
  author={Rudolph, Gerd and Schmidt, Matthias},
  year={2017},
  publisher={Springer}
}

@article{boltyanskiy1962mathematical,
  title={Mathematical theory of optimal processes},
  author={Boltyanskiy, VG and Gamkrelidze, Revaz V and MISHCHENKO, YEF and Pontryagin, LS},
  year={1962}
}

@incollection{bottou2010large,
  title={Large-scale machine learning with stochastic gradient descent},
  author={Bottou, L{\'e}on},
  booktitle={Proceedings of COMPSTAT'2010},
  pages={177--186},
  year={2010},
  publisher={Springer}
}
