% This file was created with Citavi 5.7.1.0

@article{BrendanFongDavidI.SpivakRemyTuyeras.,
 author = {{Brendan Fong, David I. Spivak, R{\'e}my Tuy{\'e}ras}},
 title = {Backprop as Functor: A compositional perspective on supervised learning}
}


@article{EvanPatterson.,
 author = {{Evan Patterson} and {Owen Lynch} and {James Fairbanks}},
 title = {Categorical Data Structures for Technical Computing}
}


@article{Innes.2018,
 author = {Innes, Mike},
 year = {2018},
 title = {Flux: Elegant machine learning with Julia},
 pages = {602},
 volume = {3},
 number = {25},
 issn = {2475-9066},
 journal = {Journal of Open Source Software},
 doi = {10.21105/joss.00602}
}


@article{Lohmayer.2021,
 author = {Lohmayer, Markus and Kotyczka, Paul and Leyendecker, Sigrid},
 year = {2021},
 title = {Exergetic port-Hamiltonian systems: Modelling basics},
 keywords = {bond graphs;exergy;GENERIC;Port-Hamiltonian systems;sustainability;thermodynamics},
 pages = {489--521},
 volume = {27},
 number = {1},
 issn = {1387-3954},
 journal = {Mathematical and Computer Modelling of Dynamical Systems},
 doi = {10.1080/13873954.2021.1979592}
}


@article{MarkusLohmayer.,
 author = {{Markus Lohmayer}, Sigrid Leyendecker},
 title = {EPHS: A Port-Hamiltonian Modelling Language}
}


@article{MichaelInnesElliotSabaKenoFischerDhairyaGandhiMarcoConcettoRudilossoNeethuMariyaJo.,
 author = {{Michael Innes, Elliot Saba, Keno Fischer, Dhairya Gandhi, Marco Concetto Rudilosso, Neethu Mariya Joy, Tejan Karmali, Avik Pal, Viral Shah}},
 title = {Fashionable Modelling with Flux}
}


@article{Rackauckas.2017,
 author = {Rackauckas, Christopher and Nie, Qing},
 year = {2017},
 title = {DifferentialEquations.jl -- A Performant and Feature-Rich Ecosystem for Solving Differential Equations in Julia},
 keywords = {high-precision;Julia;metaprogramming;multiple dispatch;multithreading;ordinary differential equations;partial differential equations;stochastic differential equations},
 pages = {15},
 volume = {5},
 number = {1},
 issn = {2049-9647},
 journal = {Journal of Open Research Software},
 doi = {10.5334/jors.151}
}


@article{SamGreydanusMiskoDzambaJasonYosinski.,
 author = {{Sam Greydanus, Misko Dzamba, Jason Yosinski}},
 title = {Hamiltonian Neural Networks}
}


@article{vanderSchaft.2014,
 author = {{van der Schaft}, Arjan and Jeltsema, Dimitri},
 year = {2014},
 title = {Port-Hamiltonian Systems Theory: An Introductory Overview},
 pages = {173--378},
 volume = {1},
 number = {2},
 issn = {2325-6818},
 journal = {Foundations and Trends{\circledR} in Systems and Control},
 doi = {10.1561/2600000002}
}


@article{YaofengDesmondZhongBiswadipDeyAmitChakraborty.,
 author = {{Yaofeng Desmond Zhong, Biswadip Dey, Amit Chakraborty}},
 title = {Dissipative SymODEN: Encoding Hamiltonian Dynamics with Dissipation and Control into Deep Learning}
}


@article{YingboMaShashiGowdaRanjanAnantharamanC.LaughmanViralB.ShahC.Rackauckas.,
 author = {{Yingbo Ma, Shashi Gowda, Ranjan Anantharaman, C. Laughman, Viral B. Shah, C. Rackauckas}},
 title = {ModelingToolkit: A Composable Graph Transformation System For Equation-Based Modeling}
}


