@article{chen2018neural,
  title={Neural ordinary differential equations},
  author={Chen, Ricky TQ and Rubanova, Yulia and Bettencourt, Jesse and Duvenaud, David K},
  journal={Advances in neural information processing systems},
  volume={31},
  year={2018}
}

@article{ruthotto2020deep,
  title={Deep neural networks motivated by partial differential equations},
  author={Ruthotto, Lars and Haber, Eldad},
  journal={Journal of Mathematical Imaging and Vision},
  volume={62},
  number={3},
  pages={352--364},
  year={2020},
  publisher={Springer}
}

@inproceedings{glorot2010understanding,
  title={Understanding the difficulty of training deep feedforward neural networks},
  author={Glorot, Xavier and Bengio, Yoshua},
  booktitle={Proceedings of the thirteenth international conference on artificial intelligence and statistics},
  pages={249--256},
  year={2010},
  organization={JMLR Workshop and Conference Proceedings}
}

@inproceedings{he2016deep,
  title={Deep residual learning for image recognition},
  author={He, Kaiming and Zhang, Xiangyu and Ren, Shaoqing and Sun, Jian},
  booktitle={Proceedings of the IEEE conference on computer vision and pattern recognition},
  pages={770--778},
  year={2016}
}

@article{tieleman2012divide,
  title={Divide the gradient by a running average of its recent magnitude. COURSERA Neural Netw},
  author={Tieleman, Tijmen and Hinton, G},
  journal={Mach. Learn},
  volume={6},
  pages={26--31},
  year={2012}
}

@article{kingma2014adam,
  title={Adam: A method for stochastic optimization},
  author={Kingma, Diederik P and Ba, Jimmy},
  journal={arXiv preprint arXiv:1412.6980},
  year={2014}
}

@article{baydin2018automatic,
  title={Automatic differentiation in machine learning: a survey},
  author={Baydin, Atilim Gunes and Pearlmutter, Barak A and Radul, Alexey Andreyevich and Siskind, Jeffrey Mark},
  journal={Journal of Marchine Learning Research},
  volume={18},
  pages={1--43},
  year={2018},
  publisher={Microtome Publishing}
}

@book{russell2010artificial,
  title={Artificial intelligence a modern approach},
  author={Russell, Stuart J},
  year={2010},
  publisher={Pearson Education, Inc.}
}

@book{rudolph2017differential,
  title={Differential geometry and mathematical physics: Part ii. fibre bundles, topology and gauge fields},
  author={Rudolph, Gerd and Schmidt, Matthias},
  year={2017},
  publisher={Springer}
}

@article{boltyanskiy1962mathematical,
  title={Mathematical theory of optimal processes},
  author={Boltyanskiy, VG and Gamkrelidze, Revaz V and MISHCHENKO, YEF and Pontryagin, LS},
  year={1962}
}

@incollection{bottou2010large,
  title={Large-scale machine learning with stochastic gradient descent},
  author={Bottou, L{\'e}on},
  booktitle={Proceedings of COMPSTAT'2010},
  pages={177--186},
  year={2010},
  publisher={Springer}
}

@book{mitchell1997machine,
  title={Machine learning},
  author={Mitchell, Tom M and Mitchell, Tom M},
  volume={1},
  number={9},
  year={1997},
  publisher={McGraw-hill New York}
}

@article{mcculloch1943logical,
  title={A logical calculus of the ideas immanent in nervous activity},
  author={McCulloch, Warren S and Pitts, Walter},
  journal={The bulletin of mathematical biophysics},
  volume={5},
  number={4},
  pages={115--133},
  year={1943},
  publisher={Springer}
}

@article{gupta2019general,
  title={A general framework for structured learning of mechanical systems},
  author={Gupta, Jayesh K and Menda, Kunal and Manchester, Zachary and Kochenderfer, Mykel J},
  journal={arXiv preprint arXiv:1902.08705},
  year={2019}
}

@article{lutter2019deep,
  title={Deep lagrangian networks: Using physics as model prior for deep learning},
  author={Lutter, Michael and Ritter, Christian and Peters, Jan},
  journal={arXiv preprint arXiv:1907.04490},
  year={2019}
}

@article{greydanus2019hamiltonian,
  title={Hamiltonian neural networks},
  author={Greydanus, Samuel and Dzamba, Misko and Yosinski, Jason},
  journal={Advances in neural information processing systems},
  volume={32},
  year={2019}
}

@article{chen2019symplectic,
  title={Symplectic recurrent neural networks},
  author={Chen, Zhengdao and Zhang, Jianyu and Arjovsky, Martin and Bottou, L{\'e}on},
  journal={arXiv preprint arXiv:1909.13334},
  year={2019}
}

@article{desmond2019symplectic,
  title={Symplectic ODE-Net: Learning Hamiltonian Dynamics with Control},
  author={Desmond Zhong, Yaofeng and Dey, Biswadip and Chakraborty, Amit},
  journal={arXiv e-prints},
  pages={arXiv--1909},
  year={2019}
}

@book{duindam2009modeling,
  title={Modeling and control of complex physical systems: the port-Hamiltonian approach},
  author={Duindam, Vincent and Macchelli, Alessandro and Stramigioli, Stefano and Bruyninckx, Herman},
  year={2009},
  publisher={Springer Science \& Business Media}
}

@book{paynter1961analysis,
  title={Analysis and Design of Engineering Systems: Class Notes for M.I.T. Course 2,751},
  author={Paynter, H.M.},
  lccn={63005482},
  url={https://books.google.de/books?id=FcdhAAAAMAAJ},
  year={1961},
  publisher={M.I.T. Press}
}

@book{goodfellow2016deep,
  title={Deep learning},
  author={Goodfellow, Ian and Bengio, Yoshua and Courville, Aaron},
  year={2016},
  publisher={MIT press}
}

@article{nwankpa2018activation,
  title={Activation functions: Comparison of trends in practice and research for deep learning},
  author={Nwankpa, Chigozie and Ijomah, Winifred and Gachagan, Anthony and Marshall, Stephen},
  journal={arXiv preprint arXiv:1811.03378},
  year={2018}
}

@article{dubey2022activation,
  title={Activation functions in deep learning: a comprehensive survey and benchmark},
  author={Dubey, Shiv Ram and Singh, Satish Kumar and Chaudhuri, Bidyut Baran},
  journal={Neurocomputing},
  year={2022},
  publisher={Elsevier}
}

@book{rudolph2012differential,
  title={Differential geometry and mathematical physics},
  author={Rudolph, Gerd and Schmidt, Matthias and Schmidt, Matthias},
  year={2012},
  publisher={Springer}
}

@article{hairer2006geometric,
  title={Geometric numerical integration},
  author={Hairer, Ernst and Hochbruck, Marlis and Iserles, Arieh and Lubich, Christian},
  journal={Oberwolfach Reports},
  volume={3},
  number={1},
  pages={805--882},
  year={2006}
}

@article{lohmayer2022ephs,
  title={EPHS: A Port-Hamiltonian Modelling Language},
  author={Lohmayer, Markus and Leyendecker, Sigrid},
  journal={arXiv preprint arXiv:2202.00377},
  year={2022}
}

@article{lohmayer2022exergetic,
  title={Exergetic Port-Hamiltonian Systems: Navier-Stokes-Fourier Fluid},
  author={Lohmayer, Markus and Leyendecker, Sigrid},
  journal={arXiv preprint arXiv:2204.05135},
  year={2022}
}

@article{lohmayer2021exergetic,
  title={Exergetic port-Hamiltonian systems: modelling basics},
  author={Lohmayer, Markus and Kotyczka, Paul and Leyendecker, Sigrid},
  journal={Mathematical and Computer Modelling of Dynamical Systems},
  volume={27},
  number={1},
  pages={489--521},
  year={2021},
  publisher={Taylor \& Francis}
}

@article{van2014port,
  title={Port-Hamiltonian systems theory: An introductory overview},
  author={Van Der Schaft, Arjan and Jeltsema, Dimitri and others},
  journal={Foundations and Trends{\textregistered} in Systems and Control},
  volume={1},
  number={2-3},
  pages={173--378},
  year={2014},
  publisher={Now Publishers, Inc.}
}

@article{sun2019survey,
  title={A survey of optimization methods from a machine learning perspective},
  author={Sun, Shiliang and Cao, Zehui and Zhu, Han and Zhao, Jing},
  journal={IEEE transactions on cybernetics},
  volume={50},
  number={8},
  pages={3668--3681},
  year={2019},
  publisher={IEEE}
}

@article{ruder2016overview,
  title={An overview of gradient descent optimization algorithms},
  author={Ruder, Sebastian},
  journal={arXiv preprint arXiv:1609.04747},
  year={2016}
}

@article{margossian2019review,
  title={A review of automatic differentiation and its efficient implementation},
  author={Margossian, Charles C},
  journal={Wiley interdisciplinary reviews: data mining and knowledge discovery},
  volume={9},
  number={4},
  pages={e1305},
  year={2019},
  publisher={Wiley Online Library}
}

@book{nielsen2015neural,
  title={Neural networks and deep learning},
  author={Nielsen, Michael A},
  volume={25},
  year={2015},
  publisher={Determination press San Francisco, CA, USA}
}

@article{Zygote.jl-2018,
  author    = {Michael Innes},
  title     = {Don't Unroll Adjoint: Differentiating SSA-Form Programs},
  journal   = {CoRR},
  volume    = {abs/1810.07951},
  year      = {2018},
  url       = {http://arxiv.org/abs/1810.07951},
  archivePrefix = {arXiv},
  eprint    = {1810.07951},
  timestamp = {Tue, 30 Oct 2018 20:39:56 +0100},
  biburl    = {https://dblp.org/rec/bib/journals/corr/abs-1810-07951},
  bibsource = {dblp computer science bibliography, https://dblp.org}
}

@article{Flux.jl-2018,
  author    = {Michael Innes and
               Elliot Saba and
               Keno Fischer and
               Dhairya Gandhi and
               Marco Concetto Rudilosso and
               Neethu Mariya Joy and
               Tejan Karmali and
               Avik Pal and
               Viral Shah},
  title     = {Fashionable Modelling with Flux},
  journal   = {CoRR},
  volume    = {abs/1811.01457},
  year      = {2018},
  url       = {https://arxiv.org/abs/1811.01457},
  archivePrefix = {arXiv},
  eprint    = {1811.01457},
  timestamp = {Thu, 22 Nov 2018 17:58:30 +0100},
  biburl    = {https://dblp.org/rec/bib/journals/corr/abs-1811-01457},
  bibsource = {dblp computer science bibliography, https://dblp.org}
}

@article{innes:2018,
  author    = {Mike Innes},
  title     = {Flux: Elegant Machine Learning with Julia},
  journal   = {Journal of Open Source Software},
  year      = {2018},
  doi       = {10.21105/joss.00602},
}

@article{qian1999momentum,
  title={On the momentum term in gradient descent learning algorithms},
  author={Qian, Ning},
  journal={Neural networks},
  volume={12},
  number={1},
  pages={145--151},
  year={1999},
  publisher={Elsevier}
}

@article{zeiler2012adadelta,
  title={Adadelta: an adaptive learning rate method},
  author={Zeiler, Matthew D},
  journal={arXiv preprint arXiv:1212.5701},
  year={2012}
}

@software{pal2022lux,
    author = {Pal, Avik},
    title = {{L}ux: Explicit Parameterization of Deep Neural Networks in Julia},
    year = {2022},
    publisher = {GitHub},
    journal = {GitHub repository},
    howpublished = {\url{https://github.com/avik-pal/Lux.jl/}}
}

@article{raissi2017physics,
  title={Physics informed deep learning (part i): Data-driven solutions of nonlinear partial differential equations},
  author={Raissi, Maziar and Perdikaris, Paris and Karniadakis, George Em},
  journal={arXiv preprint arXiv:1711.10561},
  year={2017}
}

@article{greydanus2022dissipative,
  title={Dissipative Hamiltonian Neural Networks: Learning Dissipative and Conservative Dynamics Separately},
  author={Greydanus, Sam and Sosanya, Andrew},
  journal={arXiv preprint arXiv:2201.10085},
  year={2022}
}

@article{zhong2020dissipative,
  title={Dissipative symoden: Encoding hamiltonian dynamics with dissipation and control into deep learning},
  author={Zhong, Yaofeng Desmond and Dey, Biswadip and Chakraborty, Amit},
  journal={arXiv preprint arXiv:2002.08860},
  year={2020}
}
